<?xml version="1.0" encoding="UTF-8"?><record xmlns="http://www.loc.gov/MARC21/slim" xmlns:cinclude="http://apache.org/cocoon/include/1.0" xmlns:zs="http://www.loc.gov/zing/srw/">
  <leader>00576cz  a2200157n  4500</leader>
  <controlfield tag="001">no2009186102</controlfield>
  <controlfield tag="003">DLC</controlfield>
  <controlfield tag="005">20130327084052.0</controlfield>
  <controlfield tag="008">091118n| azannaabn          |a ana     c</controlfield>
  <datafield tag="010" ind1=" " ind2=" ">
    <subfield code="a">no2009186102</subfield>
  </datafield>
  <datafield tag="035" ind1=" " ind2=" ">
    <subfield code="a">(OCoLC)oca08310987</subfield>
  </datafield>
  <datafield tag="040" ind1=" " ind2=" ">
    <subfield code="a">OrU</subfield>
    <subfield code="b">eng</subfield>
    <subfield code="e">rda</subfield>
    <subfield code="c">OrU</subfield>
    <subfield code="d">DLC</subfield>
  </datafield>
  <datafield tag="110" ind1="1" ind2=" ">
    <subfield code="a">Oregon.</subfield>
    <subfield code="b">Transportation Permit Unit</subfield>
  </datafield>
  <datafield tag="410" ind1="1" ind2=" ">
    <subfield code="a">Oregon.</subfield>
    <subfield code="b">Department of Transportation.</subfield>
    <subfield code="b">Transportation Permit Unit</subfield>
  </datafield>
  <datafield tag="510" ind1="1" ind2=" ">
    <subfield code="w">r</subfield>
    <subfield code="i">Hierarchical superior:</subfield>
    <subfield code="a">Oregon.</subfield>
    <subfield code="b">Department of Transportation</subfield>
  </datafield>
  <datafield tag="670" ind1=" " ind2=" ">
    <subfield code="a">Route map 9, 2008:</subfield>
    <subfield code="b">p. 1 (Oregon Department of Transportation, Transportation Permit Unit)</subfield>
  </datafield>
</record>